@article{Scully2004, 
	Author = {Scully JL},
	Journal = {EMBO reports},
	Pages = {650--653},
	Title = {{What is a disease?}}, 
	Volume = {5(7)}, 	
	Year = {2004}}
	